@article{fama1992cross,
  title={The cross-section of expected stock returns},
  author={Fama, Eugene F and French, Kenneth R},
  journal={The Journal of Finance},
  volume={47},
  number={2},
  pages={427--465},
  year={1992},
  publisher={Wiley Online Library}
}

@article{kelly2017,
  title={Intermediary asset pricing: New evidence from many asset
classes},
  author={Ziguo He, Bryan Kelly, Asaf Manela},
  journal={The Journal of Financial Economics},
  volume={126},
  pages={9--10},
  year={2017},
  publisher={ScienceDirect}
}

@phdthesis{Palhares2013,
  author = "Diogo Palhares",
  title = "Cash-flow Maturity and Risk Premia in CDS Markets",
  school = "The University of Chicago",
  year = "2013",
  month = "June",
  address = "Chicago, Illinois",
  type = "Ph.D. dissertation"
}



@article{sharpe1964capital,
  title={Capital asset prices: A theory of market equilibrium under conditions of risk},
  author={Sharpe, William F},
  journal={The Journal of Finance},
  volume={19},
  number={3},
  pages={425--442},
  year={1964},
  publisher={Wiley Online Library}
}

@article{Knuth92,
        author = "D.E. Knuth",
        title = "Two notes on notation",
        journal = "Amer. Math. Monthly",
        volume = "99",
        year = "1992",
        pages = "403--422",
}

@book{ConcreteMath,
        author = "R.L. Graham and D.E. Knuth and O. Patashnik",
        title = "Concrete mathematics",
        publisher = "Addison-Wesley",
        address = "Reading, MA",
        year = "1989"
}

@unpublished{Simpson,
        author = "H. Simpson",
        title = "Proof of the {R}iemann {H}ypothesis",
        note = "preprint (2003), available at
        \texttt{http://www.math.drofnats.edu/riemann.ps}",
        year = "2003"
}

@incollection{Er01,
        author = "P. Erd{\H o}s",
        title = "A selection of problems and results in combinatorics",
        booktitle = "Recent trends in combinatorics (Matrahaza, 1995)",
        publisher = "Cambridge Univ. Press",
        address = "Cambridge",
        pages = "1--6",
        year = "1995"
}
@article{greenwade93,
    author  = "George D. Greenwade",
    title   = "The {C}omprehensive {T}ex {A}rchive {N}etwork ({CTAN})",
    year    = "1993",
    journal = "TUGBoat",
    volume  = "14",
    number  = "3",
    pages   = "342--351"
}
